<?xml version="1.0" encoding="UTF-8"?><collection xmlns="http://www.loc.gov/MARC21/slim"><record><leader>00344nam--2200121-i-4500</leader><controlfield tag="001">000016983</controlfield><controlfield tag="002">20161230</controlfield><controlfield tag="005">20161230201032</controlfield><controlfield tag="008">060222s1000------------r-----000-0-eng-d</controlfield><datafield ind1=" " ind2=" " tag="080"><subfield code="a">621.38(083.8)</subfield></datafield><datafield ind1=" " ind2=" " tag="245"><subfield code="a">Cmos-bicmos data book. cypress semiconductor</subfield></datafield><datafield ind1=" " ind2=" " tag="260"><subfield code="a">San Joje ,Ca.,Cypress Semiconductor Corporati On,1991. /Pag.Dif.</subfield></datafield><datafield ind1=" " ind2=" " tag="852"><subfield code="a">D.2178</subfield></datafield></record></collection>